<?xml version="1.0" encoding="UTF-8"?><collection xmlns="http://www.loc.gov/MARC21/slim"><record><leader>00402nam--2200121-i-4500</leader><controlfield tag="001">000030108</controlfield><controlfield tag="002">20161230</controlfield><controlfield tag="005">20161230201038</controlfield><controlfield tag="008">060222s1000------------r-----000-0-eng-d</controlfield><datafield ind1=" " ind2=" " tag="080"><subfield code="a">517.53(048)</subfield></datafield><datafield ind1=" " ind2=" " tag="245"><subfield code="a">Lucrarile colocviului de teoria functiilor convexe cu aplicatii la calculul numeric. rezumatele comunicarilor</subfield></datafield><datafield ind1=" " ind2=" " tag="260"><subfield code="a">Cluj, Acad.R.P.R.-fil.Cluj, Institutul De Calcul, 1965, 103p</subfield></datafield><datafield ind1=" " ind2=" " tag="852"><subfield code="a">21641</subfield></datafield></record></collection>